<?xml version="1.0" encoding="UTF-8"?><record xmlns="http://www.loc.gov/MARC21/slim" xmlns:cinclude="http://apache.org/cocoon/include/1.0" xmlns:zs="http://www.loc.gov/zing/srw/">
  <leader>00404cz  a2200133n  4500</leader>
  <controlfield tag="001">n  93118975 </controlfield>
  <controlfield tag="003">DLC</controlfield>
  <controlfield tag="005">20090723075014.0</controlfield>
  <controlfield tag="008">931208n| acannaab           |n aaa      </controlfield>
  <datafield tag="010" ind1=" " ind2=" ">
    <subfield code="a">n  93118975 </subfield>
  </datafield>
  <datafield tag="040" ind1=" " ind2=" ">
    <subfield code="a">DLC</subfield>
    <subfield code="c">DLC</subfield>
    <subfield code="d">DLC</subfield>
  </datafield>
  <datafield tag="100" ind1="1" ind2=" ">
    <subfield code="a">Paz, Fernanda</subfield>
  </datafield>
  <datafield tag="670" ind1=" " ind2=" ">
    <subfield code="a">Cultura y cambio global, 1993:</subfield>
    <subfield code="b">t.p. (Fernanda Paz)</subfield>
  </datafield>
  <datafield tag="670" ind1=" " ind2=" ">
    <subfield code="a">Culture and global change, 1996:</subfield>
    <subfield code="b">CIP t.p. (Fernanda Paz) data sheet (b. 5/19/59)</subfield>
  </datafield>
</record>